@InProceedings{C2,
  author = 	 "Jones, C.D. and Smith, A.B. and Roberts, E.F.",
  title =        "Article Title",
  booktitle =        "Proceedings Title",
  organization = "IEEE",
  year = 	 "2003",
  volume = 	 "II",
  pages = 	 "803-806"
}

@article{tzanetakis2002musical,
  title={Musical genre classification of audio signals},
  author={Tzanetakis, George and Cook, Perry},
  journal={Speech and Audio Processing, IEEE transactions on},
  volume={10},
  number={5},
  pages={293--302},
  year={2002},
  publisher={IEEE}
}

@article{sturm2013gtzan,
  title={The GTZAN dataset: Its contents, its faults, their effects on evaluation, and its future use},
  author={Sturm, Bob L},
  journal={arXiv preprint arXiv:1306.1461},
  year={2013}
}

@misc{diab1musical,
  title={Musical Genre Tag Classification With Curated and Crowdsourced Datasets},
  author={Diab, Omar and Manero, Anthony and Watson, Reid},
  publisher={Stanford University, Computer Science}
}

@inproceedings{mandel2005song,
  title={Song-level features and support vector machines for music classification},
  author={Mandel, Michael I and Ellis, Daniel PW},
  booktitle={ISMIR 2005: 6th International Conference on Music Information Retrieval: Proceedings: Variation 2: Queen Mary, University of London \& Goldsmiths College, University of London, 11-15 September, 2005},
  pages={594--599},
  year={2005},
  organization={Queen Mary, University of London}
}

@inproceedings{li2003comparative,
  title={A comparative study on content-based music genre classification},
  author={Li, Tao and Ogihara, Mitsunori and Li, Qi},
  booktitle={Proceedings of the 26th annual international ACM SIGIR conference on Research and development in informaion retrieval},
  pages={282--289},
  year={2003},
  organization={ACM}
}

@article{leichtentritt1945aesthetic,
  title={Aesthetic ideas as the basis of musical styles},
  author={Leichtentritt, Hugo},
  journal={The Journal of Aesthetics and Art Criticism},
  volume={4},
  number={2},
  pages={65--73},
  year={1945},
  publisher={JSTOR}
}

@incollection{dannenberg2010style,
  title={Style in music},
  author={Dannenberg, Roger B},
  booktitle={The structure of style},
  pages={45--57},
  year={2010},
  publisher={Springer}
}

@inproceedings{seyerlehner2010fusing,
  title={Fusing block-level features for music similarity estimation},
  author={Seyerlehner, Klaus and Widmer, Gerhard and Pohle, Tim},
  booktitle={Proc. of the 13th Int. Conference on Digital Audio Effects (DAFx-10)},
  pages={225--232},
  year={2010}
}

